% Encoding: UTF-8

@Article{Lysmer:1969,
  author  = {Lysmer, John and Kuhlemeyer, Roger L},
  title   = {Finite dynamic model for infinite media},
  journal = {Journal of the Engineering Mechanics Division},
  year    = {1969},
  volume  = {95},
  number  = {4},
  pages   = {859--878},
}

@Article{vlachos2018predictive,
  author   = {Vlachos, Christos and Papakonstantinou, Konstantinos G. and Deodatis, George},
  title    = {Predictive model for site specific simulation of ground motions based on earthquake scenarios},
  journal  = {Earthquake Engineering \& Structural Dynamics},
  year     = {2018},
  volume   = {47},
  number   = {1},
  pages    = {195-218},
  doi      = {10.1002/eqe.2948},
  eprint   = {https://onlinelibrary.wiley.com/doi/pdf/10.1002/eqe.2948},
  keywords = {predictive stochastic ground motion model, analytical evolutionary power spectrum, ground motion parametrization, random-effect regression, NGA-West2 database},
  url      = {https://onlinelibrary.wiley.com/doi/abs/10.1002/eqe.2948},
}

@report{boulanger2015pm4sand,
  title={PM4Sand (Version 3): A sand plasticity model for earthquake engineering applications},
  author={Boulanger, RW and Ziotopoulou, K},
  institution={{Center for Geotechnical Modeling Report No. UCD/CGM-15/01, Department of Civil and Environmental Engineering, University of California, Davis, Calif}},
  year={2015}
}

@collection{applied_technology_council_atc_fema_2012,
	edition = {1},
	title = {{FEMA} P58: Seismic Performance Assessment of Buildings - Methodology},
	volume = {1},
	volumes = {3},
	pagetotal = {278},
	publisher = {Federal Emergency Management Agency},
	editor = {Applied Technology Council {ATC}},
	date = {2012},
	langid = {english}
}

@collection{federal_emergency_management_agency_fema_hazus_2018-2,
	title = {Hazus - {MH} 2.1 Earthquake Model Technical Manual},
	pagetotal = {718},
	publisher = {Federal Emergency Management Agency},
	editor = {Federal Emergency Management Agency {FEMA}},
	date = {2018},
	langid = {english},
	keywords = {{HAZUS}}
}

@Comment{jabref-meta: databaseType:bibtex;}
