@book{asce7_2016,
  title={{Minimum Design Loads for Buildings and Other Structures}},
  author={{ASCE}},
  year={2016},
  address = {Reston, VA},
  % organization={{American Society of Civil Engineers}},
  publisher={ASCE/SEI Standard 7-16, American Society of Civil Engineers}
}

@book{FEMA335c2000,
author = {FEMA},
title = {{State of the Art Report on Systems Performance of Steel Moment Frames Subject to Earthquake Ground Shaking}},
publisher={FEMA 335C, Federal Emergency Management Agency}
address = {Washington, D.C.},
year = {2000},
url = {https://www.nehrp.gov/pdf/fema355c.pdf}
}


@book{FEMAp2012,
author = {FEMA},
title = {{Assessing Seismic Performance of Buildings with Confi guration Irregularities: Calibrating Current Standards and Practices}},
publisher={FEMA P-2012, Federal Emergency Management Agency}
address = {Washington, D.C.},
year = {2018}
}

@book{ChopraAnilK2012Dos,
% series = {Prentice-Hall international series in civil engineering and engineering mechanics},
% isbn = {9780132858038},
title = {{Dynamics of Structures : Theory and Applications to Earthquake Engineering}},
edition = {4th ed.},
publisher = {Prentice Hall},
language = {eng},
address = {Upper Saddle River, NJ},
year = {2012},
author = {Chopra, Anil K.},
% keywords = {Earthquake engineering; Structural dynamics},
% lccn = {2011036834},
}

@book{sap2000,
  title={{Structural Analysis Program SAP2000}},
  author={Wilson, Edward L. and Habibullah, A},
  Publisher={Computers and Structures Inc.},
  address = {Berkeley, CA},
  year={2016}
}

@Book{aiscManual,
publisher = {{American Institute of Steel Construction}},
author={{AISC}},
% isbn = {9781564240071},
year = {2017},
title = {{Steel Construction Manual}},
edition = {15th ed.},
language = {eng},
address = {Chicago, IL},
keywords = {Building, Iron and steel -- Tables; Steel, Structural -- Tables; Steel, Structural -- Specifications -- United States; Building, Iron and steel -- Handbooks, manuals, etc},
organization = {American Institute of Steel Construction, issuing body, publisher},
}

