% Encoding: UTF-8

@article{faria1998strain,
  title={A strain-based plastic viscous-damage model for massive concrete structures},
  author={Faria, R and Oliver, J and Cervera, M},
  journal={International journal of solids and structures},
  volume={35},
  number={14},
  pages={1533--1558},
  year={1998},
  publisher={Elsevier}
}

@article{lu2015shear,
  title={A shear wall element for nonlinear seismic analysis of super-tall buildings using OpenSees},
  author={Lu, Xinzheng and Xie, Linlin and Guan, Hong and Huang, Yuli and Lu, Xiao},
  journal={Finite Elements in Analysis and Design},
  volume={98},
  pages={14--25},
  year={2015},
  publisher={Elsevier}
}

@article{bathe1976numerical,
  title={Numerical methods in finite element analysis},
  author={Bathe, Klaus-J{\"u}rgen and Wilson, Edward L},
  year={1976},
  publisher={Prentice-Hall}
}

@Comment{jabref-meta: databaseType:bibtex;}
